[gd_scene load_steps=7 format=2]

[ext_resource path="res://utilities/stageManager.gd" type="Script" id=1]
[ext_resource path="res://utilities/timer.gd" type="Script" id=2]

[sub_resource type="Animation" id=1]

resource_name = "fade-in"
length = 0.3
loop = false
step = 0.1
tracks/0/type = "value"
tracks/0/path = NodePath("fader:rect_size")
tracks/0/interp = 1
tracks/0/loop_wrap = true
tracks/0/imported = false
tracks/0/enabled = true
tracks/0/keys = {
"times": PoolRealArray( 0, 0.3 ),
"transitions": PoolRealArray( 1, 1 ),
"update": 0,
"values": [ Vector2( 1128, 600 ), Vector2( 0, 600 ) ]
}

[sub_resource type="Animation" id=2]

resource_name = "fade-out"
length = 0.7
loop = false
step = 0.1
tracks/0/type = "value"
tracks/0/path = NodePath("fader:rect_size")
tracks/0/interp = 1
tracks/0/loop_wrap = true
tracks/0/imported = false
tracks/0/enabled = true
tracks/0/keys = {
"times": PoolRealArray( 0, 0.7 ),
"transitions": PoolRealArray( 1, 1 ),
"update": 0,
"values": [ Vector2( 0, 600 ), Vector2( 1256, 600 ) ]
}

[sub_resource type="Animation" id=3]

resource_name = "restart-fade-in"
length = 0.3
loop = false
step = 0.1
tracks/0/type = "value"
tracks/0/path = NodePath("fader:rect_size")
tracks/0/interp = 1
tracks/0/loop_wrap = true
tracks/0/imported = false
tracks/0/enabled = true
tracks/0/keys = {
"times": PoolRealArray( 0, 0.3 ),
"transitions": PoolRealArray( 1, 1 ),
"update": 0,
"values": [ Vector2( 1256, 600 ), Vector2( 1256, 0 ) ]
}

[sub_resource type="Animation" id=4]

resource_name = "restart-fade-out"
length = 0.3
loop = false
step = 0.1
tracks/0/type = "value"
tracks/0/path = NodePath("fader:rect_size")
tracks/0/interp = 1
tracks/0/loop_wrap = true
tracks/0/imported = false
tracks/0/enabled = true
tracks/0/keys = {
"times": PoolRealArray( 0, 0.3 ),
"transitions": PoolRealArray( 1, 1 ),
"update": 0,
"values": [ Vector2( 1256, 0 ), Vector2( 1256, 600 ) ]
}

[node name="stageManager" type="Node"]

pause_mode = 2
script = ExtResource( 1 )
_sections_unfolded = [ "Pause" ]

[node name="screen" type="CanvasLayer" parent="." index="0"]

layer = 2
offset = Vector2( 0, 0 )
rotation = 0.0
scale = Vector2( 1, 1 )
transform = Transform2D( 1, 0, 0, 1, 0, 0 )

[node name="controlScreen" type="Control" parent="screen" index="0"]

anchor_left = 0.0
anchor_top = 0.0
anchor_right = 1.0
anchor_bottom = 1.0
rect_pivot_offset = Vector2( 0, 0 )
rect_clip_content = false
mouse_filter = 0
mouse_default_cursor_shape = 0
size_flags_horizontal = 1
size_flags_vertical = 1

[node name="fader" type="ColorRect" parent="screen/controlScreen" index="0"]

anchor_left = 0.0
anchor_top = 0.0
anchor_right = 0.0
anchor_bottom = 0.0
margin_right = 1256.0
margin_bottom = 600.0
rect_pivot_offset = Vector2( 0, 0 )
rect_clip_content = false
mouse_filter = 0
mouse_default_cursor_shape = 0
size_flags_horizontal = 1
size_flags_vertical = 1
color = Color( 0, 0, 0, 1 )
_sections_unfolded = [ "Anchor", "Rect" ]

[node name="anim" type="AnimationPlayer" parent="screen/controlScreen" index="1"]

root_node = NodePath("..")
autoplay = "fade-in"
playback_process_mode = 1
playback_default_blend_time = 0.0
playback_speed = 1.0
anims/fade-in = SubResource( 1 )
anims/fade-out = SubResource( 2 )
anims/restart-fade-in = SubResource( 3 )
anims/restart-fade-out = SubResource( 4 )
blend_times = [  ]

[node name="timer" type="Node" parent="." index="1"]

script = ExtResource( 2 )

[connection signal="animation_finished" from="screen/controlScreen/anim" to="." method="_on_anim_animation_finished"]


